@article{wagner2012measurement,
  title={Measurement of mRNA abundance using RNA-seq data: RPKM measure is inconsistent among samples},
  author={Wagner, G{\"u}nter P and Kin, Koryu and Lynch, Vincent J},
  journal={Theory in biosciences},
  volume={131},
  number={4},
  pages={281--285},
  year={2012},
  publisher={Springer}
}

@article{ramskold2012full,
  title={Full-length mRNA-Seq from single-cell levels of RNA and individual circulating tumor cells},
  author={Ramsk{\"o}ld, Daniel and Luo, Shujun and Wang, Yu-Chieh and Li, Robin and Deng, Qiaolin and Faridani, Omid R and Daniels, Gregory A and Khrebtukova, Irina and Loring, Jeanne F and Laurent, Louise C and others},
  journal={Nature biotechnology},
  volume={30},
  number={8},
  pages={777--782},
  year={2012},
  publisher={Nature Research}
}

@article{plaks2013circulating,
  title={Circulating tumor cells},
  author={Plaks, Vicki and Koopman, Charlotte D and Werb, Zena},
  journal={Science},
  volume={341},
  number={6151},
  pages={1186--1188},
  year={2013},
  publisher={American Association for the Advancement of Science}
}


